@misc{wiki:ecs,
    author = {{Wikipedia contributors}},
    title = {Entity–component–system --- Wikipedia{,} The Free Encyclopedia},
    year = {2018},
    url = {https://en.wikipedia.org/w/index.php?title=Entity%E2%80%93component%E2%80%93system&oldid=821499559},
    note = {[Online; accessed 21-February-2018]}}
